@article{stevenson11,
   author={Stevenson, Ian H. and K\"{o}rding, Konrad P.},
   title={How advances in neural recording affect data analysis},
   journal={Nature Neuroscience},
   volume=14,
   pages={139--142},
   issue={online},
   date={2011-01-26},
   doi={10.1038/nn.2731}
 }
@article{zamft12,
  author={Zamft, Bradley M. and Marblestone, Adam H. and K\"{o}rding, Konrad P. and Schmidt, Daniel and Martin-Alarcon, Daniel and Tyo, Keith and Boyden, Edward S. and Church, George},
  title={Measuring Cation Dependent {DNA} Polymerase Fidelity Landscapes by Deep Sequencing},
  volume=7,
  number=8,
  pages={e43876},
  journal={{PLoS ONE}},
  date={2012-08-22},
  doi={10.1371/journal.pone.0043876}
 }
 @article{kording11a,
 author={K\"{o}rding, Konrad P.},
 title={Of toasters and molecular ticker tapes},
 journal={{PLoS} Computational Biology},
 volume=7,
 number=12,
 pages={e1002291},
 date={2011-12-29},
 doi={10.1371/journal.pcbi.1002291}
 }
 @article{glaser13,
 author={Glaser, Joshua I. and Zamft, Bradley M. and Marblestone, Adam H. and Moffitt, Jeffrey R. and Tyo, Keith and Boyden, Edwards S. and Church, George and K\"{o}rding, Konrad P.},
 title={Statistical analysis of molecular signal recording},
 journal = {{PLoS} Computational Biology},
 date={2013},
 doi={10.1371/journal.pcbi.1003145}
 }
 @article{ahrens13,
 author={Ahrens, Misha B. and Orger, Michael B. and Robson, Drew N. and Li, Jennifer M. and Keller, Philipp J.},
 title={Whole-brain functional imaging at cellular resolution using light-sheet microscopy},
 journal={Nature Methods},
 volume=10,
 issue={online},
 date={2013-03-18},
 pages={413--420},
 doi={10.1038/nmeth.2434}
 }
 @article{ziv13,
 author={Ziv, Yaniv and Burns, Laurie D. and Cocker, Eric D. and Hamel, Elizabeth O. and Ghosh, Kunal K. and Kitch, Lacey J. and El Gamal, Abbas and Schnitzer, Mark J.},
 title={Long-term dynamics of {CA1} hippocampal place codes},
 journal={Nature Neuroscience},
 volume=16,
 issue={online},
 date={2013-02-10},
 pages={264--266},
 doi={10.1038/nn.3329}
 }
 @article{vincent10,
 author={Vincent, Trevor J. and Thiessen, Jonathan D. and Kurjewicz, Laryssa M. and Germscheid, Shelley L. and Turner, Allan J. and Zhilkin, Peter and Alexander, Murray E. and Martin, Melanie},
 title={Longitudinal Brain Size Measurements in {APP}/{PS1} Transgenic Mice},
 month=10,
 year=2010,
 volume=4,
 journal={Magnetic Resonance Insights},
 pages={19--26},
 doi={10.4137/MRI.S5885}
 }
 @article{azevedo09,
 author={Azevedo, Frederico A. C. and Carvalho, Ludmila R. B. and Grinberg, Lea T. and Marcelo Farfel, Jos\'{e} and Ferretti, Renata E. L. and Leite, Renata E. P. and Jacob Filho, Wilson and Lent, Roberto and Herculano-Houzel, Suzana},
title = {Equal numbers of neuronal and nonneuronal cells make the human brain an isometrically scaled-up primate brain},
journal = {Journal of Comparative Neurology},
year = {2009},
month = 2,
volume = {513},
number = {5},
pages = {532-541},
doi={10.1002/cne.21974}
}
@article{allen02,
author={Allen, John S. and Damasio, Hanna and Grabowski, Thomas J.},
year=2002,
title={Normal neuroanatomical variation in the human brain: an {MRI}-volumetric study},
journal={American Journal of Physical Anthropology},
volume=118,
number=4,
month=8,
pages={341--358},
doi={10.1002/ajpa.10092}
}
@book{sarpeshkar10,
author={Sarpeshkar, Rahul},
title={Ultra Low Power Bioelectronics},
subtitle={Fundamentals, Biomedical Applications, and Bio-inspired Systems},
publisher={Cambridge University Press},
location={New York},
year=2010,
url={http://www.amazon.com/dp/0521857279/}
}
@article{houzel11,
author={Herculano-Houzel, Suzana},
title={Scaling of brain metabolism with a fixed energy budget per neuron: implications for neuronal activity, plasticity, and evolution},
journal={{PLoS ONE}},
volume=6,
pages={e17514},
doi={10.1371/journal.pone.0017514},
year=2011
}
@article{speakman13,
author={Speakman, John R.},
date={2013-03-14},
title={Measuring energy metabolism in the mouse---theoretical, practical, and analytical considerations},
journal={Frontiers in Integrative Physiology},
volume=4,
number=34,
doi={10.3389/fphys.2013.00034}
}
@article{gittis10,
author={Gittis, Aryn H. and Moghadam, Setareh H. and du Lac, Sascha},
year=2010,
journal={Journal of Neurophysiology},
volume=104,
number=3,
pages={1625--1634},
title={Mechanisms of Sustained High Firing Rates in Two Classes of Vestibular Nucleus Neurons: Differential Contributions of Resurgent {Na}, {Kv3}, and {BK} Currents},
doi={10.1152/jn.00378.2010},
month=6
}
@article{dobbing73,
author={Dobbing, John and Sands, Jean},
title={Quantitative growth and development of human brain},
journal={Archives of Disease in Childhood},
date={1973-10},
volume=48,
number=10,
pages={757--767},
doi={10.1136/adc.48.10.757}
}
@article{fatouros99,
author={Fatouros, Panos P. and Marmarou, Anthony},
title={Use of magnetic resonance imaging for in vivo measurements of water content in human brain: method and normal values},
journal={Journal of Neurosurgery},
volume=90,
number=1,
pages={109--115},
year=1999,
month=1,
doi={10.3171/jns.1999.90.1.0109}
}
@article{kou93,
author={Kou, Linhong and Labrie, Daniel and Chylek, Petr},
title={Refractive indices of water and ice in the 0.65- to 2.5-\textmu m spectral range},
journal={Applied Optics},
volume=32,
number=19,
pages={3531--3540},
date={1993-07-01},
doi={10.1364/AO.32.003531}
}
This article had been duplicated!:
@article{horton13,
author={Horton, Nicholas G. and Wang, Ke and Kobat, Demirhan and Clark, Catharine G. and Wise, Frank W. and Schaffer, Chris B. and Xu, Chris},
title={\emph{In vivo} three-photon microscopy of subcortical structures within an intact mouse brain},
journal={Nature Photonics},
volume=7,
pages={205--209},
issue={online},
date={2013-01-20},
doi={10.1038/nphoton.2012.336}
}
@article{jonasz07,
author={Jonasz, Miroslaw},
title={Absorption coefficient of water: Data sources},
url={http://www.tpdsci.com/Tpc/AbsCfOfWaterDat.php},
urldate={2013-06-16},
journal={Topics in Particle and Dispersion Science},
year=2007
}
@article{strong98,
author={Strong, Steven P. and Koberle, Roland and de Ruyter {van} Steveninck, Robert R. and Bialek, William},
title={Entropy and Information in Neural Spike Trains},
journal={Physical Review Letters},
volume=80,
pages={197--200},
date={1998-01-05},
doi={10.1103/PhysRevLett.80.197},
relatedtype={prelim},
related={strong98/arxiv}
}
@article{strong98/arxiv,
author={Strong, Steven P. and Koberle, Roland and de Ruyter {van} Steveninck, Robert R. and Bialek, William},
title={Entropy and Information in Neural Spike Trains},
date={1997-06-27},
eprint={cond-mat/9603127v2},
eprinttype={arxiv},
entrysubtype={hide}
}
@article{sotero11,
author={Sotero, Roberto C. and Iturria-Medina, Yasser},
year=2011,
title={From blood oxygenation level dependent {(BOLD)} signals to brain temperature maps},
month=11,
journal={Bulletin of Mathematical Biology},
volume=73,
number=11,
pages={2731--2747},
doi={10.1007/s11538-011-9645-5}
}
@book{iec60825,
publisher={International Electrotechnical Commission},
location={Geneva, Switzerland},
maintitle={IEC 60825},
maintitleaddon={Safety of laser products},
part=1,
title={Equipment classification and requirements},
date={2007-03-30},
edition=2
}
@article{shapiro12,
author={Shapiro, Mikhail G. and Homma, Kazuaki and Villarreal, Sebastian and Richter, Claus-Peter and Bezanilla, Francisco},
title={Infrared light excites cells by changing their electrical capacitance},
journal={Nature Communications},
volume=3,
number=736,
doi={10.1038/ncomms1742},
date={2012-03-13}
}
@article{shapiro13,
author={Shapiro, Mikhail G. and Priest, Michael F. and Siegel, Peter H. and Bezanilla, Francisco},
title = {Temperature-Mediated Effects of Millimeter Wave Stimulation on Membrane Protein Function},
journal = {Biophysical Journal},
year = 2013,
month = jan,
volume = 104,
number = 2,
pages = {679a},
doi = {10.1016/j.bpj.2012.11.3747}
}
@article{pedreira12,
author={Pedreira, Carlos and Martinez, Juan and Ison, Matias J. and Quian Quiroga, Rodrigo},
title={How many neurons can we see with current spike sorting algorithms?},
journal={Journal of Neuroscience Methods},
volume=211,
number=1,
year=2012,
month=10,
pages={58--65},
doi={10/mvv}
}
@thesis{sahani99,
type={PhD dissertation},
author={Sahani, Maneesh},
title={Latent variable models for neural data analysis},
institution={California Institute of Technology},
date={1999-05-14},
url={http://www.gatsby.ucl.ac.uk/~maneesh/thesis/thesis.double.pdf},
urldate={2013-06-16}
}
@article{camunas13,
author={Camu\~nas-Mesa, Luis A. and Quian Quiroga, Rodrigo},
title={A Detailed and Fast Model of Extracellular Recordings},
year=2013,
month=5,
volume=25,
number=5,
pages={1191--1212},
journal={Neural Computation},
doi={10.1162/NECO_a_00433}
}
@article{segev04,
author={Segev, Ronen and Goodhouse, Joe and Puchalla, Jason and Berry, II, Michael J.},
title={Recording spikes from a large fraction of the ganglion cells in a retinal patch},
journal={Nature Neuroscience},
volume=7,
number=10,
pages={1155--1162},
date={2004-10},
doi={10.1038/nn1323}
}
@article{gray95,
author={Gray, Charles M. and Maldonado, Pedro E. and Wilson, Matthew, and McNaughton, Bruce},
title={Tetrodes markedly improve the reliability and yield of multiple single-unit isolation from multi-unit recordings in cat striate cortex},
journal={Journal of Neuroscience Methods},
volume=63,
number={1--2},
pages={43--54},
date={1995-12},
doi={10/ddmxdh}
}
@article{gold07,
author={Gold, Carl and Henze, Darrell A. and Koch, Christof},
title={Using extracellular action potential recordings to constrain compartmental models},
journal={Journal of Computational Neuroscience},
date={2007-08-23},
volume=23,
pages={39--58},
doi={10.1007/s10827-006-0018-2}
}
@article{du11,
author={Du, Jiangang and Blanche, Timothy J. and Harrison, Reid R. and Lester, Henry A. and Masmanidis, Sotiris C.},
title={Multiplexed, High Density Electrophysiology with Nanofabricated Neural Probes},
date={2011-10-12},
journal={{PLoS ONE}},
volume=6,
number=10,
pages={e26204},
doi={10.1371/journal.pone.0026204}
}
@inproceedings{jensen03,
author={Jensen, Winnie and Hofmann, Ulrich G. and Yoshida, Ken},
title={Assessment of Subdural Insertion Force of Single-Tine Microelectrodes in Rat Cerebral Cortex},
booktitle={Engineering in Medicine and Biology Society},
booktitleaddon={Proceedings of the 25th Annual International Conference of the IEEE},
date={2003-09-17/2003-09-21},
venue={Cancun, Mexico},
eventtitle={EMBC'03},
pages={2168--2171},
volume=3,
doi={10.1109/IEMBS.2003.1280170}
}
@article{najafi90,
author={Najafi, Khalil and Hetke, Jamille F.},
title={Strength characterization of silicon microprobes in neurophysiological tissues},
journal={IEEE Transactions on Biomedical Engineering},
volume=37,
number=5,
year=1990,
month=5,
pages={474--481},
doi={10.1109/10.55638}
}
@article{kobat09,
author={Kobat, Demirhan and Durst, Michael E. and Nishimura, Nozomi and Wong, Angela W. and Schaffer, Chris B. and Xu, Chris},
title={Deep tissue multiphoton microscopy using longer wavelength excitation},
journal={Optics Express},
volume=17,
number=16,
pages={13354--13364},
date={2009-08-03},
doi={10.1364/OE.17.013354}
}
@article{filonov11,
author={Filonov, Grigory S. and Platkevich, Kiryi D. and Ting, Li-Min and Zhang, Jinghang and Kim, Kami and Verkhusha, Vladislav V.},
title={Bright and stable near-infrared fluorescent protein for \em in vivo \em imaging},
journal={Nature Biotechnology},
volume=29,
number=8,
pages={757--761},
issue={online},
date={2011-07-17},
doi={10.1038/nbt.1918}
}
@article{conkey12,
author={Conkey, Donald B. and Caravaca-Aguirre, Antonio M. and Piestun, Rafael},
title={High-speed scattering medium characterization with application to focusing light through turbid media},
journal={Optics Express},
volume=20,
number=2,
pages={1733--1740},
date={2012-01-16},
doi={10.1364/OE.20.001733}
}
This article was duped!:
@article{alivisatos13,
author={Alivisatos, A. Paul and Andrews, Anne M. and Boyden, Edward S. and Chun, Miyoung and Church, George M. and Deisseroth, Karl and Donoghue, John P. and Fraser, Scott E. and Lippincott-Schwartz, Jennifer and Looger, Loren L. and Masmanidis, Sotiris and McEuen, Paul L. and Nurmikko, Arto V. and Park, Hongkun and Peterka, Darcy S. and Reid, Clay and Roukes, Michael L. and Scherer, Axel and Schnitzer, Mark and Sejnowski, Terrence J. and Shepard, Kenneth L. and Tsao, Doris and Turrigiano, Gina and Weiss, Paul S.},
title={Nanotools for Neuroscience and Brain Activity Mapping},
journal={{ACS Nano}},
date={2013-03-26},
volume=7,
number=3,
pages={1850--1866},
doi={10.1021/nn4012847}
}
This article had been duplicated!:
@article{mahalati13,
author={Mahalati, Reza Nasiri and Gu, Ruo Yu and Kahn, Joseph M.},
title={Resolution limits for imaging through multi-mode fiber},
journal={Optics Express},
volume=21,
number=2,
pages={1656--1668},
date={2013-01-28},
doi={10.1364/OE.21.001656}
}
@article{zorzos10,
author={Zorzos, Anthony N. and Boyden, Edward S. and Fonstad, Clifton G.},
title={Multiwaveguide implantable probe for light delivery to sets of distributed brain targets},
journal={Optics Letters},
volume=35,
number=24,
pages={4133--4135},
date={2010-12-15},
doi={10.1364/OL.35.004133}
}
@article{zorzos12,
author={Zorzos, Anthony N. and Scholvin, Jorg and Boyden, Edward S. and Fonstad, Clifton G.},
title={Three-dimensional multiwaveguide probe array for light delivery to distributed brain circuits},
journal={Optics Letters},
volume=37,
number=23,
pages={4841--4843},
date={2012-12-01},
doi={10.1364/OL.37.004841}
}
@inproceedings{wakin06,
author={Wakin, Michael B. and Laska, Jason N. and Duarte, Marco F. and Baron, Dror and Sarvotham, Shriram and Takhar, Dharmpal and Kelly, Kevin F. and Baraniuk, Richard G.},
title={Compressive imaging for video representation and coding},
booktitle={Picture Coding Symposium},
booktitleaddon={Proceedings of the 25th International},
eventtitle={PCS'06},
venue={Beijing, China},
date={2006-04-24/2006-04-26},
url={http://inside.mines.edu/~mwakin/papers/pcs-camera.pdf},
urldate={2013-06-16}
}
@article{studer12,
author={Studer, Vincent and Bobin, J\'erome and Chahid, Makhlad and Mousavi, Hamed Shams and Candes, Emmanuel and Dahan, Maxime},
title={Compressive fluorescence microscopy for biological and hyperspectral imaging},
date={2012-06-26},
journal={Proceedings of the National Academy of Sciences of the United States of America},
volume=109,
number=26,
pages={E1679--E1687},
doi={10.1073/pnas.1119511109}
}
@article{tian11,
author={Tian, Nian and Guo, Qingchun and Wang, Anle and Xu, Dongli and Fu, Ling},
title={Fluorescence ghost imaging with pseudothermal light},
journal={Optics Letters},
volume=36,
number=16,
pages={3302--3304},
date={2011-08-15},
doi={10.1364/OL.36.003302}
}
@article{sun13,
author={Sun, Baoqing and Edgar, Matthew P. and Bowman, Richard and Vittert, Liberty E. and Welsh, Stuart and Bowman, Adrian and Padgett, Miles J.},
title={{3D} Computational Imaging with Single-Pixel Detectors},
journal={Science},
date={2013-05-17},
volume=340,
number=6134,
pages={844--847},
doi={10.1126/science.1234454},
related={sun13/arxiv},
relatedtype={prelim}
}
@article{sun13/arxiv,
title={{3D} Computational Ghost Imaging},
author={Sun, Baoqing and Edgar, Matthew P. and Bowman, Richard and Vittert, Liberty E. and Welsh, Stuart and Bowman, Adrian and Padgett, Miles J.},
date={2013-05-15},
eprint={1301.1595v2},
eprinttype={arxiv},
eprintclass={physics.optics},
entrysubtype={hide}
}
@article{murray12,
author={Murray, Teresa A. and Levene, Michael J.},
title={Singlet gradient index lens for deep in vivo multiphoton microscopy},
journal={Journal of Biomedical Optics},
volume=17,
number=2,
pages={021106},
date={2012-03-02},
doi={10/mvt}
}
@article{kang10,
author={Kang, Jeon Woong and Kim, Pilhan and Amadeo Alonzo, Carlo and Park, Hyunsung and Yun, Seok H.},
title={Two-photon microscopy by wavelength-swept pulses delivered through single-mode fiber},
journal={Optics Letters},
volume=35,
number=2,
pages={181--183},
date={2010-01-15},
doi={10.1364/OL.35.000181}
}
@article{flusberg05,
author={Flusberg, Benjamin A. and Cocker, Eric D. and Piyawattanametha, Wibool and Jung, J\"urgen C. and Cheung, Eunice L. M. and Schnitzer, Mark J.},
title={Fiber-optic fluorescence imaging},
journal={Nature Methods},
volume=2,
number=12,
pages={941--950},
issue={online},
date={2005-11-18},
doi={10.1038/nmeth820}
}
This was duped!:
@article{wang12,
author={Wang, Ying Min and Judkewitz, Benjamin and DiMarzio, Charles A. and Yang, Changhuei},
title={Deep-tissue focal fluorescence imaging with digitally time-reversed ultrasound-encoded light},
journal={Nature Communications},
volume=3,
number={928},
doi={10.1038/ncomms1925},
date={2012-06-26}
}
@article{mahan98,
author={Mahan, Gerald D. and Engler, William E. and Tiemann, Jerome J. and Uzgiris, Egidijus E.},
title={Ultrasonic tagging of light},
subtitle={Theory},
journal={Proceedings of the National Academy of Sciences of the United States of America},
volume=95,
number=24,
pages={14015--14019},
doi={10.1073/pnas.95.24.14015},
date={1998-11-24}
}
@article{vucinic07,
author={Vu\v{c}ini\'{c}, Dejan and Sejnowski, Terrence J.},
title={A Compact Multiphoton 3D Imaging System for Recording Fast Neuronal Activity},
journal={{PLoS ONE}},
volume=2,
number=8,
pages={e699},
date={2007-08-08},
doi={10.1371/journal.pone.0000699}
}
@article{striker99,
author={Striker, George and Subramaniam, Vinod and Seidel, Claus A. M. and Volkmer, Andreas},
title={Photochromicity and Fluorescence Lifetimes of Green Fluorescent Protein},
journal={The Journal of Physical Chemistry {B}},
date={1999-10-07},
volume=103,
number=40,
pages={8612--8617},
doi={10.1021/jp991425e}
}
@article{wilt13,
author={Wilt, Brian A. and Fitzgerald, James E. and Schnitzer, Mark J.},
title={Photon Shot Noise Limits on Optical Detection of Neuronal Spikes and Estimation of Spike Timing},
journal={Biophysical Journal},
volume=104,
number=1,
pages={51--62},
date={2013-01-08},
doi={10.1016/j.bpj.2012.07.058}
}
@article{kim99,
author={Kim, Ki Hean and Buehler, Christof and So, Peter T. C.},
title={High-Speed, Two-Photon Scanning Microscope},
journal={Applied Optics},
volume=38,
number=28,
pages={6004--6009},
date={1999-10-01},
doi={10.1364/AO.38.006004}
}
@article{wilson07,
author={Wilson, Jennifer M. and Dombeck, Daniel A. and D\'{\i}az-R\'{\i}os, Manuel and Harris-Warrick, Ronald M. and Brownstone, Robert M.},
title={Two-Photon Calcium Imaging of Network Activity in {XFP}-Expressing Neurons in the Mouse},
journal={Journal of Neurophysiology},
volume=97,
number=4,
year=2007,
month=4,
pages={3118--3125},
doi={10.1152/jn.01207.2006}
}
@book{masters06,
author={Masters, Barry R.},
title={Confocal Microscopy and Multiphoton Excitation Microscopy},
subtitle={The Genesis of Live Cell Imaging},
date={2006-02-09},
series={SPIE Press Monograph},
number={PM161},
publisher={SPIE Publications},
location={Bellingham, WA, USA},
isbn={9780819461186},
url={http://spie.org/x648.html?product_id=660403}
}
@article{seliger60,
author={Seliger, Howard H. and McElroy, William D.},
title={Spectral emission and quantum yield of firefly bioluminescence},
journal={Archives of Biochemistry and Biophysics},
volume=88,
number=1,
pages={136--141},
year=1960,
month=5,
doi={10/d2v3gx}
}
@article{molter09,
author={Molter, Timothy W. and McQuaide, Sarah C. and Suchorolski, Martin T. and Strovad, Tim J. and Burgess, Lloyd W. and Meldrum, Deirdre R. and Lidstrom, Mary E.},
title={A microwell array device capable of measuring single-cell oxygen consumption rates},
journal={Sensors and Actuators B},
journalsubtitle={Chemical},
volume=135,
number=2,
date={2009-01-15},
pages={678--686},
doi={10.1016/j.snb.2008.10.036}
}
@article{blanchard11,
author={Blanchard, Romain and Boriskina, Svetlana V. and Genevet, Patrice and Kats, Mikhail A. and Tetienne, Jean-Philippe and Yu, Nanfang and Scully, Marlan O. and Dal Negro, Luca and Capasso, Federico},
title={Multi-wavelength mid-infrared plasmonic antennas with single nanoscale focal point},
journal={Optics Express},
volume=19,
number=22,
pages={22113--22124},
date={2011-10-24},
doi={10.1364/OE.19.022113}
}
@article{widder84,
author={Widder, Edith A. and Latz, Michael I. and Herring, Peter J. and Case, James F.},
title={Far Red Bioluminescence from Two Deep-Sea Fishes},
journal={Science},
volume=225,
number=4661,
pages={512--514},
date={1984-08-03},
doi={10.1126/science.225.4661.512}
}
@article{campbell87,
author={Campbell, Anthony K. and Herring, Peter J.},
title={A novel red fluorescent protein from the deep sea luminous fish \emph{{M}alacosteus niger}},
journal={Comparative Biochemistry and Physiology Part B},
journalsubtitle={Comparative Biochemistry},
volume={86B},
number=2,
pages={411-417},
year=1987,
doi={10/cz84np}
}
@article{livet07,
author={Livet, Jean and Weissman, Tamily A. and Kang, Hyuno and Draft, Ryan W. and Lu, Ju and Bennis, Robyn A. and Sanes, Joshua R. and Lichtman, Jeff W.},
title={Transgenic strategies for combinatorial expression of fluorescent proteins in the nervous system},
journal={Nature},
volume=450,
pages={56--62},
date={2007-11-01},
doi={10.1038/nature06293}
}
@article{biederman13,
author={Biederman, William and Yaeger, Daniel J. and Narevsky, Nathan and Koralek, Aaron C. and Carmena, Jose M. and Alon, Elad},
title={A Fully-Integrated, Miniaturized (0.125 mm\textsuperscript{2}) 10.5 \textmu {W} Wireless Neural Sensor},
journal={IEEE Journal of Solid-State Circuits},
volume=48,
number=4,
date={2013-04},
pages={960--970},
doi={10.1109/JSSC.2013.2238994}
}
@article{cannon92,
author={Cannon, Gregory J. and Swanson, Joel A.},
title={The macrophage capacity for phagocytosis},
journal={Journal of Cell Science},
volume=101,
pages={907--913},
date={1992-04-01},
url={http://jcs.biologists.org/content/101/4/907}
}
@article{bennett73,
author={Bennett, Charles H.},
title={Logical Reversibility of Computation},
journal={IBM Journal of Research and Development},
volume=17,
number=6,
pages={525--532},
date={1973-11},
doi={10.1147/rd.176.0525}
}
@article{landauer61,
author={Landauer, Rolf W.},
title={Irreversibility and Heat Generation in the Computing Process},
journal={IBM Journal of Research and Development},
volume=5,
number=3,
pages={183--191},
date={1961-07},
doi={10.1147/rd.53.0183}
}
@article{steyaert87,
author={Steyaert, Michel S. J. and Sansen, Willy M. C. and Chang, Zhong-Yuan},
title={A Micropower Low-Noise Monolithic Instrumentation Amplifier For Medical Purposes},
journal={IEEE Journal of Solid-State Circuits},
volume=22,
number=6,
date={1987-12},
pages={1163--1168},
doi={10.1109/JSSC.1987.1052869}
}
@article{tucker11,
author={Tucker, Rodney S. and Hinton, Kerry},
title={Energy Consumption and Energy Density in Optical and Electronic Signal Processing},
journal={IEEE Photonics Journal},
volume=3,
number=5,
pages={821--833},
date={2011-10},
doi={10.1109/JPHOT.2011.2166254}
}
@article{koomey11,
author={Koomey, Jonathan G. and Berard, Stephen and Sanchez, Marla and Wong, Henry},
title={Implications of Historical Trends in the Electrical Efficiency of Computing},
journal={IEEE Annals of the History of Computing},
volume=33,
number=3,
pages={46--54},
date={2011-03},
doi={10.1109/MAHC.2010.28}
}
@online{yablonovitch08,
author={Yablonovitch, Eli},
title={Replacing the transistor: searching for the milli-volt switch},
date={2011-11-21},
series={Institute for Advanced Study lecture series},
organization={Hong Kong University of Science and Technology},
url={http://ustlib.ust.hk/record=b1161099}
}
@article{tucker11b,
author={Tucker, Rodney S.},
title={Green Optical Communications---{Part II}: {E}nergy Limitations in Networks},
journal={IEEE Journal of Selected Topics in Quantum Electronics},
volume=17,
number=2,
pages={261--274},
doi={10.1109/JSTQE.2010.2051217},
date={2011-04-07}
}
@manual{rfidsheet,
title={{UHF} / Microwave {RFID} Transponder {ASIC} {IPMS\_MWST1}},
type={Datasheet},
date={2011-11-07},
organization={Fraunhofer Institute for Photonic Microsystems},
url={http://www.ipms.fraunhofer.de/content/dam/ipms/common/products/WMS/Transponder/uhf-transponder-e.pdf},
urldate={2013-06-16}
}
@article{sarpeshkar98,
author={Sarpeshkar, Rahul},
title={Analog Versus Digital: Extrapolating from Electronics to Neurobiology},
journal={Neural Computation},
volume=10,
number=7,
pages={1601--1638},
date={1998-10-01},
doi={10/fvhwq3}
}
@inproceedings{rapoport09,
author={Rapoport, Benjamin I. and Wattanapanitch, Woradorn and Penagos Vargas, H\'ector Luis and Musallam, Sam and Andersen, Richard A. and Sarpeshkar, Rahul},
title={A biomimetic adaptive algorithm and low-power architecture for implantable neural decoders},
booktitle={Engineering in Medicine and Biology Society},
booktitleaddon={Annual International Conference of the {IEEE}},
date={2009-09-03/2009-09-06},
venue={Minneapolis, MN, USA},
eventtitle={EMBC 2009},
pages={4214--4217},
doi={10.1109/IEMBS.2009.5333793}
}
@article{mandal07,
author={Mandal, Soumyajit and Sarpeshkar, Rahul},
title={Low-power {CMOS} rectifier design for {RFID} applications},
journal={IEEE Transactions on Circuits and Systems I},
journalsubtitle={Regular Papers},
pages={1177--1188},
date={2007-06-11},
volume=54,
number=6,
doi={10.1109/TCSI.2007.895229}
}
@article{sun02,
author={Sun, Young-Ho and Chang, Kai},
title={A high-efficiency dual-frequency rectenna for 2.45- and 5.8-{GHz} wireless power transmission},
journal={IEEE Transactions on Microwave Theory and Techniques},
volume=50,
number=7,
pages={1784--1789},
date={2002-07},
doi={10.1109/TMTT.2002.800430}
}
@article{ionescu11,
author={Ionescu, Adrian M. and Riel, Heike},
title={Tunnel field-effect transistors as energy-efficient electronic switches},
journal={Nature},
volume=479,
pages={329--337},
date={2011-11-17},
doi={10.1038/nature10679}
}
@article{liu12,
author={Liu, Tsu-Jae King and Markovi\'c, Dejan and Stojanovi\'c, Vladimir and Alon, Elad},
title={The relay reborn},
journal={IEEE Spectrum},
volume=49,
number=4,
pages={40--43},
date={2012-04},
doi={10.1109/MSPEC.2012.6172808}
}
@article{ozeri10,
author={Ozeri, Shaul and Shmilovitz, Doron},
title={Ultrasonic transcutaneous energy transfer for powering implanted devices},
journal={Ultrasonics},
volume=50,
number=6,
date={2010-05},
pages={556--566},
doi={10.1016/j.ultras.2009.11.004}
}
@inproceedings{bett08,
author={Bett, Andreas W. and Dimroth, Frank and L\"ockenhoff, R\"udiger and Oliva, Eduard and Schubert, Johannes},
title={{III-V} solar cells under monochromatic illumination},
booktitle={Photovoltaic Specialists Conference, 2008},
booktitleaddon={Proceedings of the 33rd IEEE},
date={2008-05-11/2008-05-16},
eventtitle={PVSC'08},
venue={San Diego, CA, USA},
pages={1--5},
doi={10.1109/PVSC.2008.4922910}
}
@collection{safari08,
editor={Safari, Ahmad and Akdo\u{g}an, E. Koray},
title={Piezoelectric and Acoustic Materials for Transducer Applications},
year=2008,
publisher={Springer},
location={Boston, MA, USA},
url={http://www.amazon.com/dp/0387765387}
}
@article{xu12,
author={Xu, Tian-Bing and Siochi, Emilie J. and Kang, Jin Ho and Zuo, Lei and Zhou, Wanlu and Tang, Xiudong and Jiang, Xiaoning},
title={Energy harvesting using a {PZT} ceramic multilayer stack},
date={2013-04},
journal={Smart Materials and Structures},
volume=22,
pages={065015},
doi={10/mvs}
}
@article{krimholtz70,
author={Krimholtz, Richard S. and Leedom, David A. and Matthaei, George L.},
title={New equivalent circuits for elementary piezoelectric transducers},
journal={Electronics Letters},
volume=6,
number=13,
date={1970-06-25},
pages={398--399},
doi={10.1049/el:19700280}
}
@article{castillo03,
author={Castillo, Martha and Acevedo, Pedro and Moreno, Eduardo},
title={{KLM} model for lossy piezoelectric transducers},
journal={Ultrasonics},
volume=41,
number=8,
date={2003-11},
pages={671--679},
doi={10/b4hpcw}
}
@article{rapoport12,
author={Rapoport, Benjamin I. and Kedzierski, Jakub T. and Sarpeshkar, Rahul},
title={A Glucose Fuel Cell for Implantable Brain-Machine Interfaces},
journal={{PLoS ONE}},
volume=7,
number=6,
date={2012-06-12},
pages={e38436},
doi={10.1371/journal.pone.0038436}
}
@article{silver94,
author={Silver, Ian A. and Ereci\'nska, Maria},
title={Extracellular glucose concentration in mammalian brain: continuous monitoring of changes during increased neuronal activity and upon limitation in oxygen supply in normo-, hypo-, and hyperglycemic animals},
journal={The Journal of Neuroscience},
volume=14,
number=8,
pages={5068--5076},
date={1994-08},
url={http://www.jneurosci.org/content/14/8/5068.long}
}
@article{ivanov81,
author={Ivanov, Kirill P. and Kalinina, M. K. and Levkovich, Yu I.},
title={Blood Flow Velocity in Capillaries of Brain and Muscles and Its Physiological Significance},
journal={Microvascular Research},
volume=22,
number=2,
pages={143--155},
date={1981-09},
doi={10/cc8sqk}
}
@inproceedings{cho05,
author={Cho, Namjun and Song, Seong-Jun and Kim, Sunyoung and Kim, Shiho and Yoo, Hoi-Jun},
title={A 5.1-\textmu W {UHF} {RFID} tag chip integrated with sensors for wireless environmental monitoring},
booktitleaddon={Proceedings of the 31st European},
booktitle={Solid-State Circuits Conference, 2005},
eventtitle={ESSCIRC 2005},
venue={Grenoble, France},
date={2005-09-12/2005-09-16},
pages={279--282},
doi={10.1109/ESSCIR.2005.1541614}
}
@book{cover06,
author={Cover, Thomas M. and Thomas, Joy A.},
title={Elements of Information Theory},
edition=2,
series={Wiley Series in Telecommunications and Signal Processing},
date={2006-07-18},
publisher={Wiley-Interscience},
location={Hoboken, NJ},
url={http://www.amazon.com/dp/0471241954}
}
@article{carp11,
author={Carp, Stefan A. and Roche-Labarbe, Nad\`{a}ege and Franceschini, Maria-Angela and Srinivasan, Vivek J. and Sakad\v{z}i\'c, Sava and Boas, David A.},
title={Due to intravascular multiple sequential scattering, Diffuse Correlation Spectroscopy of tissue primarily measures relative red blood cell motion within vessels},
journal={Biomedical Optics Express},
volume=2,
number=7,
pages={2047--2054},
date={2011-06-24},
doi={10.1364/BOE.2.002047}
}
@article{tulino04,
author={Tulino, Antonia M. and Verd\'u, Sergio},
title={Random Matrix Theory and Wireless Communications},
journal={Foundations and Trends in Communications and Information Theory},
volume=1,
number=1,
pages={1--182},
date={2004-06-28},
doi={10.1561/0100000001}
}
@article{shiu00,
author={Shiu, Da-shan and Foschini, Gerard J. and Gans, Michael J. and Kahn, Joseph M.},
title={Fading Correlation and Its Effect on the Capacity of Multielement Antenna Systems},
journal={IEEE Transactions on Communications},
volume=48,
number=3,
date={2000-03},
pages={502--513},
doi={10.1109/26.837052}
}
@article{spencer04,
author={Spencer, Quentin H. and Peel, Christian B. and Swindlehurst, A. Lee and Haardt, Martin},
title={An introduction to the multi-user {MIMO} downlink},
journal={IEEE Communications Magazine},
volume=42,
number=10,
pages={60--67},
date={2004-10},
doi={10.1109/MCOM.2004.1341262}
}
@article{moustakas00,
author={Moustakas, Aris L. and Baranger, Harold U. and Balents, Leon and Sengupta, Anirvan and Simon, Steven H.},
title={Communication Through a Diffusive Medium},
subtitle={Coherence and Capacity},
journal={Science},
date={2000-01-14},
volume=287,
number=5451,
pages={287--290},
doi={10.1126/science.287.5451.287}
}
@article{popoff10,
title={Measuring the Transmission Matrix in Optics},
subtitle={An Approach to the Study and Control of Light Propagation in Disordered Media},
journal={Physical Review Letters},
volume=104,
number=10,
pages={e100601},
date={2010-03-12},
author={Popoff, Sebastien M. and Lerosey, Geoffroy and Carminati, R\'emi and Fink, Mathias and Boccara, A. Claude and Gigan, Sylvain},
doi={10.1103/PhysRevLett.104.100601},
relatedtype={prelim},
related={popoff10/arxiv}
}
@article{popoff10/arxiv,
title={Measuring the Transmission Matrix in Optics},
subtitle={An Approach to the Study and Control of Light Propagation in Disordered Media},
eprint={0910.5436v2},
author={Popoff, Sebastien M. and Lerosey, Geoffroy and Carminati, R\'emi and Fink, Mathias and Boccara, A. Claude and Gigan, Sylvain},
date={2010-01-18},
eprinttype={arxiv},
eprintclass={physics.optics},
entrysubtype={hide}
}
@article{derode03,
title={Taking Advantage of Multiple Scattering to Communicate with Time-Reversal Antennas},
author={Derode, Arnaud and Tourin, Arnaud and de Rosny, Julien and Tanter, Micka\"el and Yon, Sylvain and Fink, Mathias},
journal={Physical Review Letters},
volume=90,
number=1,
pages={e014301},
date={2003-01-10},
doi={10.1103/PhysRevLett.90.014301}
}
@article{bakopoulos09,
author={Bakopoulos, Paraskevas and Karanasiou, Irene S. and Pleros, Nikos and Zakynthinos, Panagiotis and Uzunoglu, Nikolaos and Avramopoulos, Hercules},
title={A tunable continuous wave ({CW}) and short-pulse optical source for {THz} brain imaging applications},
journal={Measurement Science and Technology},
volume=20,
pages={e104001},
date={2009-09-04},
doi={10/dw7hhz}
}
@article{helmchen05,
author={Helmchen, Fritjof and Denk, Winfried},
title={Deep tissue two-photon microscopy},
journal={Nature Methods},
volume=2,
number=12,
pages={932--940},
issue={online},
date={2005-11-18},
doi={10.1038/nmeth818}
}
@article{tonouchi07,
author={Tonouchi, Masayoshi},
title={Cutting-edge terahertz technology},
journal={Nature Photonics},
volume=1,
pages={97--105},
date={2007-02},
doi={10.1038/nphoton.2007.3}
}
@collection{hoskins10,
editor={Hoskins, Peter R. and Martin, Kevin and Thrush, Abigail},
title={Diagnostic Ultrasound},
subtitle={Physics and Equipment},
publisher={Cambridge University Press},
edition=2,
date={2010-07-26},
location={New York},
url={http://www.amazon.com/dp/052175710X}
}
@article{foster00,
author={Foster, F. Stuart and Pavlin, Charles J. and Harasiewicz, Kasia A. and Christopher, Donald A. and Turnbull, Daniel H.},
title={Advances in ultrasound biomicroscopy},
journal={Ultrasound in Medicine \& Biology},
volume=26,
number=1,
date={2000-01},
pages={1--27},
doi={10/fmzgkm}
}
@article{gomez10,
author={G\'omez-Mart\'{\i}nez, Rodrigo and V\'azquez, Patricia and Duch, Marta and Muriano, Alejandro and Pinacho, Daniel and Sanvicens, Nuria and S\'anchez-Baeza, Francisco and Boya, Patricia and de la Rosa, Enrique J. and Esteve, Jaume and Su\'arez, Teresa and Plaza, Jos\'e A.},
title={Intracellular Silicon Chips in Living Cells},
journal={Small},
volume=6,
number=4,
pages={499--502},
date={2010-02-22},
publisher={Wiley-VCH},
doi={10.1002/smll.200901041}
}
@incollection{dyson09,
editor={Brockman, John},
booktitleaddon={The \emph{Edge} Annual Question},
booktitle={What Will Change Everything?},
author={Dyson, Freeman},
title={\enquote{Radiotelepathy}, the direct communication of feelings and thought from brain to brain},
publisher={\emph{Edge}.org},
date={2009-01},
url={http://www.edge.org/q2009/q09_3.html#dyson}
}
@article{berkovits91,
author={Berkovits, Richard},
title={Sensitivity of the multiple-scattering speckle pattern to the motion of a single scatterer},
journal={Physical Review B},
volume=43,
number=10,
pages={8638--8640},
date={1991-04-01},
doi={10.1103/PhysRevB.43.8638}
}
@article{rooney07,
author={Rooney, William D. and Johnson, Glyn and Li, Xin and Cohen, Eric R. and Kim, Seong-Gi and Ugurbil, Kamil and Springer, Charles S.},
title={Magnetic field and tissue dependencies of human brain longitudinal \textsuperscript{1}{H}\textsubscript{2}{O} relaxation in vivo},
journal={Magnetic Resonance in Medicine},
volume=57,
number=2,
pages={308--318},
date={2007-02},
doi={10.1002/mrm.21122}
}
@article{shapiro10,
author={Shapiro, Mikhail G. and Westmeyer, Gil G. and Romero, Philip A. and Szablowski, Jerzy O. and K\"uster, Benedict and Shah, Ameer and Otey, Christopher R. and Langer, Robert and Arnold, Frances H. and Jasanoff, Alan},
title={Directed evolution of a magnetic resonance imaging contrast agent for noninvasive imaging of dopamine},
journal={Nature Biotechnology},
volume=28,
number=3,
pages={264--270},
date={2010-03},
doi={10.1038/nbt.1609}
}
@article{koretsky12,
author={Koretsky, Alan P.},
title={Is there a path beyond {BOLD}? {M}olecular imaging of brain function},
journal={Neuro{I}mage},
volume=62,
number=2,
date={2012-08-15},
pages={1208--1215},
doi={10/mvr}
}
@article{hsieh12,
author={Hsieh, Vivian and Jasanoff, Alan},
title={Bioengineered Probes for Molecular Magnetic Resonance Imaging in the Nervous System},
journal={{ACS} Chemical Neuroscience},
volume=3,
number=8,
pages={593--602},
issue={online},
date={2012-07-11},
doi={10.1021/cn300059r}
}
@article{deichmann95,
author={Deichmann, Ralf and Adolf, Holger and N\"oth, Ulrich and Morrissey, Sean P. and Schwarzbauer, Christian and Haase, Axel},
title={Fast {$T_2$}-mapping with {SNAPSHOT FLASH} imaging},
journal={Magnetic Resonance Imaging},
volume=13,
number=4,
pages={633--639},
date={1995},
doi={10/bpj92v}
}
@article{stehling91,
author={Stehling, Michael K. and Turner, Robert and Mansfield, Peter},
journal={Science},
volume=254,
number=5028,
date={1991-10-04},
pages={43--50},
doi={10.1126/science.1925560}
}
@article{haase86,
author={Haase, Axel and Frahm, Jens and Matthaei, Dieter and H\"anicke, Wolfgang and Merboldt, Klaus-Dietmar},
title={{FLASH} imaging},
subtitle={Rapid {NMR} imaging using low flip-angle pulses},
journal={Journal of Magnetic Resonance},
volume=67,
number=2,
date={1986-04},
pages={258--266},
doi={10/cz8k2n}
}
@article{wiesinger06,
author={Wiesinger, Florian and Van de Moortele, Pierre-Fran\c{c}ois and Adriany, Gregor and De Zanche, Nicola and Ugurbil, Kamil and Pr\"ussman, Klaas P.},
title={Potential and feasibility of parallel {MRI} at high field},
journal={{NMR} in Biomedicine},
volume=19,
pages={368--378},
year=2006,
doi={10.1002/nbm.1050}
}
@article{glover02,
author={Glover, Paul and Mansfield, {\relax Sir P}eter},
title={Limits to magnetic resonance microscopy},
journal={Reports on Progress in Physics},
volume=65,
number=10,
date={2002-10},
doi={10/cv63tt}
}
@article{yu12,
author={Yu, Xin and Glen, Daniel and Wang, Shumin and Dodd, Stephen and Hirano, Yoshiyuki and Saad, Ziad and Reynolds, Richard and Silva, Afonso C. and Koretsky, Alan P.},
title={Direct imaging of macrovascular and microvascular contributions to {BOLD} {fMRI} in layers {IV--V} of the rat whisker-barrel cortex},
journal={Neuro{I}mage},
volume=59,
number=2,
date={2012-01-16},
pages={1451--1460},
doi={10/ff6cts}
}
@article{null08,
author={Null, Brian and Liu, Corey W. and Hedehus, Maj and Conolly, Steven and Davis, Ronald W.},
title={High-Resolution, \em In Vivo \em Magnetic Resonance Imaging of \em {D}rosophila \em at 18.8 Tesla},
journal={{PLoS ONE}},
volume=3,
number=7,
pages={e2817},
doi={10.1371/journal.pone.0002817},
date={2008-07-30}
}
@article{zhang10,
author={Zhang, Shuo and Block, Kai Tobias and Frahm, Jens},
title={Magnetic resonance imaging in real time},
subtitle={Advances using radial {FLASH}},
journal={Journal of Magnetic Resonance Imaging},
volume=31,
number=1,
pages={101--109},
date={2010-01},
doi={10.1002/jmri.21987}
}
@article{collins04,
title={Temperature and {SAR} calculations for a human head within volume and surface coils at 64 and 300 {MHz}},
author={Collins, Christopher M. and Liu, Wanzhan and Wang, Jinghua and Gruetter, Rolf and Vaughan, J. Thomas and Ugurbil, Kamil and Smith, Michael B.},
journal={Journal of Magnetic Resonance Imaging},
volume=19,
number=5,
pages={650--656},
date={2004-05},
doi={10.1002/jmri.20041}
}
@article{atanasijevic06,
author={Atanasijevic, Tatjana and Shusteff, Maxim and Fam, Peter and Jasanoff, Alan},
title={Calcium-sensitive {MRI} contrast agents based on super paramagnetic iron oxide nanoparticles and calmodulin},
journal={Proceedings of the National Academy of Sciences of the United States of America},
volume=103,
number=40,
pages={14707--14712},
doi={10.1073/pnas.0606749103},
date={2006-10-03}
}
@article{li99,
author={Li, Wen-hong and Fraser, Scott E. and Meade, Thomas J.},
title={A Calcium-Sensitive Magnetic Resonance Imaging Contrast Agent},
journal={Journal of the American Chemical Society},
volume=121,
number=6,
pages={1413--1414},
doi={10.1021/ja983702l},
date={1999-02-17}
}
@article{shapiro06,
author={Shapiro, Mikhail G. and Atanasijevic, Tatjana and Faas, Henryk and Westmeyer, Gil G. and Jasanoff, Alan},
title={Dynamic imaging with {MRI} contrast agents: quantitative considerations},
journal={Magnetic Resonance Imaging},
volume=24,
number=4,
pages={449--462},
date={2006-05},
doi={10.1016/j.mri.2005.12.033}
}
@article{friedland09,
author={Friedland, Ari E. and Lu, Timothy K. and Wang, Xiao and Shi, David and Church, George M. and Collins, James J.},
title={Synthetic Gene Networks That Count},
journal={Science},
date={2009-05-29},
volume=324,
number=5931,
pages={1199--1202},
doi={10.1126/science.1172005}
}
@article{bonnet13,
author={Bonnet, Jerome and Yin, Peter and Ortiz, Monica E. and Subsoontorn, Pakpoom and Endy, Drew},
title={Amplifying Genetic Logic Gates},
journal={Science},
volume=340,
number=6132,
pages={599--603},
date={2013-05-03},
doi={10.1126/science.1232758}
}
@article{kelman95,
author={Kelman, Zvi and O'Donnell, Mike},
title={{DNA} Polymerase {III} Holoenzyme},
subtitle={Structure and Function of a Chromosomal Replicating Machine},
journal={Annual Review of Biochemistry},
volume=64,
pages={171--200},
date={1995-07},
doi={10/cvmv32}
}
@article{frank07,
author={Frank, Ekaterina G. and Woodgate, Roger},
title={Increased Catalytic Activity and Altered Fidelity of Human {DNA} Polymerase {$\iota$} in the Presence of Manganese},
journal={The Journal of Biological Chemistry},
volume=282,
number=34,
pages={24689--24696},
date={2007-08-24},
doi={10/cv5bmm}
}
@article{jackson00,
author={Jackson, Dean A. and Pombo, Ana and Iborra, Francisco},
title={The balance sheet for transcription},
subtitle={an analysis of nuclear {RNA} metabolism in mammalian cells},
journal={The FASEB Journal},
volume=14,
number=2,
pages={242--254},
date={2000-02},
url={http://www.fasebj.org/content/14/2/242.long}
}
@article{zador12,
author={Zador, Anthony M. and Dubnau, Joshua and Oyibo, Hassana K. and Zhan, Huiqing and Cao, Gang and Peikon, Ian D.},
title={Sequencing the Connectome},
journal={{PLoS Biology}},
volume=10,
number=10,
pages={e1001411},
date={2012-10-23},
doi={10.1371/journal.pbio.1001411}
}
@article{moosmann13,
author={Moosmann, Julian and Ershov, Alexey and Altapova, Venera and Baumbach, Tilo and Prasad, Maneeshi S. and LaBonne, Carole and Xiao, Xianghui and Kashed, Jubin and Hofmann, Ralf},
title={{X}-ray phase-contrast \em in vivo \em microtomography probes new aspects of \em {X}enopus \em gastrulation},
journal={Nature},
volume=497,
pages={374--377},
date={2013-05-16},
doi={10.1038/nature12116}
}
@article{issler95,
author={Issler, Sandy L. and Torardi, Charlie C.},
title={Solid state chemistry and luminescence of {X}-ray phosphors},
journal={Journal of Alloys and Compounds},
volume=229,
number=1,
date={1995-10-15},
pages={54--65},
doi={10/fpz8gt}
}
@article{larabell04,
author={Larabell, Carolyn A. and Le Gros, Mark A.},
title={{X}-ray Tomography Generates {3-D} Reconstructions of the Yeast, \em {S}accharomyces cerevisiae\em, at 60-nm Resolution},
journal={Molecular Biology of the Cell},
volume=15,
number=3,
pages={957--962},
date={2004-03-01},
doi={10/br3d8z}
}
@article{horowitz12,
author={Horowitz, Viva R. and Alem\'an, Benjam\'{\i}n J. and Christle, David J. and Cleland, Andrew N. and Awschalom, David D.},
title={Electron spin resonance of nitrogen-vacancy centers in optically trapped nanodiamonds},
journal={Proceedings of the National Academy of Sciences of the United States of America},
volume=109,
number=34,
pages={13493--13497},
date={2012-08-21},
doi={10.1073/pnas.1211311109}
}
@article{dolde11,
author={Dolde, Florian and Fedder, Helmut and Doherty, Marcus W. and N\"obauer, Tobias and Rempp, Florian and Balasubramanian, Gopalakrishnan and Wolf, Thomas and Reinhard, Friedermann and Hollenberg, Lloyd C. L. and Jelezko, Fedor and Warchtrup, J\"org},
title={Electric-field sensing using single diamond spins},
journal={Nature Physics},
volume=7,
pages={459--463},
date={2011-06},
doi={10.1038/nphys1969}
}
@article{filonov12,
author={Filonov, Grigory S. and Krumholz, Arie and Xia, Jun and Yao, Junjie and Wang, Lihong V. and Verkhusha, Vladislav V.},
title={Deep-Tissue Photoacoustic Tomography of a Genetically Encoded Near-Infrared Fluorescent Probe},
journal={Angewandte Chemie},
journalsubtitle={International Edition},
volume=51,
number=6,
pages={1448--1451},
date={2012-02-06},
doi={10.1002/anie.201107026}
}

@article{llinas05,
author={Llin\'as, Rodolfo R. and Walton, Kerry D. and Nakao, Masayuki and Hunter, Ian and Anquetil, Patrick A.},
title={Neuro-vascular central nervous recording/stimulating system},
subtitle={Using nanotechnology probes},
journal={Journal of Nanoparticle Research},
volume=7,
number={2--3},
date={2005-06},
pages={111--127},
doi={10.1007/s11051-005-3134-4}
}
@collection{schmidt89,
editor={Schmidt, Richard F. and Thews, Gerhard},
title={Human Physiology},
date={1989-09},
edition=2,
publisher={Springer-Verlag},
location={New York},
url={http://www.amazon.com/dp/0387194320/}
}
@article{loffredo08,
author={Loffredo, Francesco and Lee, Richard T.},
title={Therapeutic Vasculogenesis},
subtitle={It Takes Two},
journal={Circulation Research},
date={2008-07-18},
volume=103,
number=2,
pages={128--130},
doi={10.1161/CIRCRESAHA.108.180604}
}
@inproceedings{jadhav12,
author={Jadhav, Amol D. and Aimo, Ivan and Cohen, Daniel and Ledochowitsch, Peter and Maharbiz, Michel M.},
title={Cyborg Eyes},
subtitle={Microfabricated Neural Interfaces Implanted During the Development of Insect Sensory Organs Produce Stable Neurorecordings in the Adult},
booktitle={Micro Electro Mechanical Systems},
booktitleaddon={IEEE 25th International Conference on},
pages={937--940},
eventtitle={{IEEE MEMS 2012}},
venue={Paris},
date={2012-01-29/2012-02-02},
doi={10.1109/MEMSYS.2012.6170340}
}

@article{shcherbakova13,
author={Shcherbakova, Daria M. and Verkhusha, Vladislav V.},
title={Near-infrared fluorescent proteins for multicolor \em in vivo \em imaging},
journal={Nature Methods},
issue={online},
date={2013-06-16},
pubstate={prepublished},
doi={10.1038/nmeth.2521}
}
@inproceedings{huang13,
author={Huang, Gang and Jiang, Hong and Matthews, Kim and Wilford, Paul},
title={Lensless Imaging by Compressive Sensing},
booktitle={International Conference on Image Processing},
booktitleaddon={Proceedings of the 20th IEEE},
pubstate={forthcoming},
eventtitle={{ICIP 2013}},
venue={Melbourne, Australia},
date={2013-09-15/2013-09-18},
related={huang13/arxiv,huang13/arxivb},
relatedtype={prelim}
}
@article{huang13/arxiv,
author={Huang, Gang and Jiang, Hong and Matthews, Kim and Wilford, Paul},
title={Lensless Imaging by Compressive Sensing},
date={2013-05-30},
eprint={1305.7181v1},
eprintclass={cs.CV},
eprinttype={arxiv},
entrysubtype={hide}
}
@article{huang13/arxivb,
author={Huang, Gang and Jiang, Hong and Matthews, Kim and Wilford, Paul},
title={Lensless Compressive Sensing Imaging},
date={2013-02-07},
eprint={1302.1789v1},
eprintclass={cs.CV},
eprinttype={arxiv},
entrysubtype={hide},
note={earlier but more detailed}
}
@article{polderman2004,
author={Polderman, Kees H.},
title={Application of therapeutic hypothermia in the ICU: opportunities and pitfalls of a promising treatment modality. Part 1: Indications and evidence},
date={2004-04-01},
journal={Intensive Care Medicine },
volume = 30,
number = 4,
doi={10.1007/s00134-003-2152-x}
}
@article{gabriel1996,
author={Gabriel, S and Lau, R.W. and Gabriel, C},
title={The dielectric properties of biological tissues: III. Parametric models for the dielectric spectrum of tissues},
journal={Phys. Med. Biol},
volume = 41,
number = 11,
date = {1996-11-01},
url={http://niremf.ifac.cnr.it/tissprop/}
}
@article{Kadiu11,
author={Kadiu, Irena and Nowacek, Ari and McMillan, Joellyn and Gendelman, Howard E.},
title={Macrophage endocytic trafficking of antiretroviral nanoparticles},
journal={Nanomedicine},
date="2011-03-27",
volume = "6",
number = "6", 
doi={10.2217/nnm.11.27}
}